
%%%%%%%%%%%%%%%%%%%%%%%%%%%%%%%%%%%%%%%%%%%%%%%%%%%%%%%%%%%%%%%%%%%%%%%%%%%%%%%%%%%%%%%%%%%%%%%%%%%%%%%%%%%%%%%%%%%%%%%%%%%%%
%%%%%%%%%%%%%%%%%%%%%%%%%%%%%%%%%%%%%%%%%%%%%%%%%%%%%%%%%%%%%%%%%%%%%%%%%%%%%%%%%%%%%%%%%%%%%%%%%%%%%%%%%%%%%%%%%%%%%%%%%%%%%
%%%%   Books
%%%%%%%%%%%%%%%%%%%%%%%%%%%%%%%%%%%%%%%%%%%%%%%%%%%%%%%%%%%%%%%%%%%%%%%%%%%%%%%%%%%%%%%%%%%%%%%%%%%%%%%%%%%%%%%%%%%%%%%%%%%%%
%%%%%%%%%%%%%%%%%%%%%%%%%%%%%%%%%%%%%%%%%%%%%%%%%%%%%%%%%%%%%%%%%%%%%%%%%%%%%%%%%%%%%%%%%%%%%%%%%%%%%%%%%%%%%%%%%%%%%%%%%%%%%
@article{maxwell1,
	author = {Clerk-Maxwell, J.},
	title = {A Dynamical Theory of the Electromagnetic Field},
	journal = {Philosophical Transactions of the Royal Society of London},
	volume = {155},
	pages = {459--512},
	year = {1865},
	doi = {10.1098/rstl.1865.0008},
	url = {https://royalsocietypublishing.org/doi/10.1098/rstl.1865.0008}
}

@book{colorado,
	author    = {Nikola Tesla},
	title     = {Colorado Springs Notes},
	editor    = {A. A. Marincic},
	publisher = {Nolit},
	address   = {Beograd, Yugoslavia},
	year      = {1978},
	note      = {pp. 82, 183, 200, 228, 253, 254, etc.}
}

@online{corum3,
	author    = {Kenneth L. Corum and James F. Corum},
	title     = {Class Notes: Tesla Coils and the Failure of Lumped-Element Circuit Theory},
	year      = {1999},
	url       = {https://www.teslaradio.com/pages/tesla_coils.htm},
	note      = {Accessed: 2025-05-07}
}
%%%%%%%%%%%%%%%%%%%%%%%%%%%%%%%%%%%%%%%%%%%%%%%%%%%%%%%%%%%%%%%%%%%%%%%%%%%%%%%%%%%%%%%%%%%%%%%%%%%%%%%%%%%%%%%%%%%%%%%%%%%%%
%%%%%%%%%%%%%%%%%%%%%%%%%%%%%%%%%%%%%%%%%%%%%%%%%%%%%%%%%%%%%%%%%%%%%%%%%%%%%%%%%%%%%%%%%%%%%%%%%%%%%%%%%%%%%%%%%%%%%%%%%%%%%
%%%%   Books
%%%%%%%%%%%%%%%%%%%%%%%%%%%%%%%%%%%%%%%%%%%%%%%%%%%%%%%%%%%%%%%%%%%%%%%%%%%%%%%%%%%%%%%%%%%%%%%%%%%%%%%%%%%%%%%%%%%%%%%%%%%%%
%%%%%%%%%%%%%%%%%%%%%%%%%%%%%%%%%%%%%%%%%%%%%%%%%%%%%%%%%%%%%%%%%%%%%%%%%%%%%%%%%%%%%%%%%%%%%%%%%%%%%%%%%%%%%%%%%%%%%%%%%%%%%
@book{pozar,
author = {David M. Pozar},
title = {Microwave Engineering},
edition = {3rd},
chapter = {9},
publisher = {John Wiley \& Sons},
year = {2004},
address = {Hoboken, NJ},
note = {Theory and Design of Ferrimagnetic Components},
}

@book{kraus,
author    = {Kraus, John D. and Carver, Keith R.},
title     = {Electromagnetics},
publisher = {McGraw-Hill},
year      = {1973},
edition   = {2nd ed.},
address   = {New York},
isbn      = {978-0071234567},
}

@book{kraus2,
author    = {Kraus, John D.},
title     = {Antennas},
publisher = {McGraw-Hill},
year      = {1997},
edition   = {3rd ed.},
address   = {New York},
}

@book{balanis1,
	author    = {Balanis, Constantine A.},
	title     = {Balanis` Advanced Engineering Electromagnetics},
	publisher = {Wiley},
	year      = {2024},
	edition   = {3rd ed.},
	address   = {New Jersey},
}

@book{balanis2,
author    = {Balanis, Constantine A.},
title     = {Antenna Theory Analysis and Design},
publisher = {Wiley},
year      = {2016},
edition   = {4th ed.},
address   = {New Jersey},
}

%%%%%%%%%%%%%%%%%%%%%%%%%%%%%%%%%%%%%%%%%%%%%%%%%%%%%%%%%%%%%%%%%%%%%%%%%%%%%%%%%%%%%%%%%%%
@article{history4,
	author    = {N. Tesla},
	title     = {Experiments with Alternate Currents of Very High Frequency and Their Application to Methods of Artificial Illuminations},
	journal   = {The Electrical World},
	volume    = {18},
	number    = {2},
	year      = {1891},
	month     = {July 11},
	pages     = {19--27}
}

@ARTICLE{impedance,
	author={Schelkunoff, S. A.},
	journal={The Bell System Technical Journal}, 
	title={The impedance concept and its application to problems of reflection, refraction, shielding and power absorption}, 
	year={1938},
	volume={17},
	number={1},
	pages={17-48},
	keywords={},
	doi={10.1002/j.1538-7305.1938.tb00774.x}}

%%%%%%%%%%%%%%%%%%%%%%%%%%%%%%%%%%%%%%%%%%%%%%%%%%%%%%%%%%%%%%%%%%%%%%%%%%%%%%%%%%%%%%%%%%%%%%%%%%%%%%%%%%%%%%%%%%%%%%%%%%%%%
%%%%%%%%%%%%%%%%%%%%%%%%%%%%%%%%%%%%%%%%%%%%%%%%%%%%%%%%%%%%%%%%%%%%%%%%%%%%%%%%%%%%%%%%%%%%%%%%%%%%%%%%%%%%%%%%%%%%%%%%%%%%%
%%%%   Helical Coils
%%%%%%%%%%%%%%%%%%%%%%%%%%%%%%%%%%%%%%%%%%%%%%%%%%%%%%%%%%%%%%%%%%%%%%%%%%%%%%%%%%%%%%%%%%%%%%%%%%%%%%%%%%%%%%%%%%%%%%%%%%%%%
%%%%%%%%%%%%%%%%%%%%%%%%%%%%%%%%%%%%%%%%%%%%%%%%%%%%%%%%%%%%%%%%%%%%%%%%%%%%%%%%%%%%%%%%%%%%%%%%%%%%%%%%%%%%%%%%%%%%%%%%%%%%%
@misc{tesla1,
	author       = {N. Tesla},
	title        = {Lecture Before the New York Academy of Sciences, Part 1 - Improved Apparatus for the Production of Powerful Electrical Vibrations},
	howpublished = {Lecture},
	month        = {April},
	year         = {1897},
	note         = {Delivered on April 6, 1897},
	}

@article{pocklington,
	author       = {H. C. Pocklington},
	title        = {Electrical Oscillations in Wires},
	journal      = {Proceedings of the Cambridge Philosophical Society},
	year         = {1897},
	month        = {October},
	volume       = {},
	number       = {},
	pages        = {},
	note         = {Presented on October 25, 1897},
	}

@book{ollendorf,
	author       = {F. Ollendorf},
	title        = {Die Grundlagen der Hochfrequenztechnik},
	publisher    = {Springer},
	address      = {Berlin},
	year         = {1926},
	pages        = {79--87},
	}
	
@INPROCEEDINGS{corum1,
	author={Corum, K.L. and Corum, J.F.},
	booktitle={5th International Conference on Telecommunications in Modern Satellite, Cable and Broadcasting Service. TELSIKS 2001. Proceedings of Papers (Cat. No.01EX517)}, 
	title={RF coils, helical resonators and voltage magnification by coherent spatial modes}, 
	year={2001},
	volume={1},
	number={},
	pages={339-348 vol.1},
	keywords={Radio frequency;Voltage;Coils;Resonance;Anisotropic magnetoresistance;Surface waves;Inductors;Maxwell equations;Current distribution;Linear systems},
	doi={10.1109/TELSKS.2001.954904}}	
	
@inproceedings{corum2,
	author       = {K. L. Corum and P. V. Pesavento and J. F. Corum},
	title        = {Multiple Resonances in RF Coils and the Failure of Lumped Inductance Models},
	booktitle    = {Proceedings of the Sixth International Symposium Nikola Tesla},
	address      = {Belgrade, Serbia},
	month        = {October},
	year         = {2006},
	}

@ARTICLE{pierce1,
	author={Pierce, J.R.},
	journal={Proceedings of the IRE}, 
	title={Theory of the Beam-Type Traveling-Wave Tube}, 
	year={1947},
	volume={35},
	number={2},
	pages={111-123},
	keywords={Electrons;Electromagnetic propagation;Equations;Electromagnetic scattering;Voltage;Circuits;Propagation losses;Noise figure;Propagation constant;Load flow},
	doi={10.1109/JRPROC.1947.226217}}
	
@book{collin1,
	author       = {R. E. Collin},
	title        = {Foundations for Microwave Engineering},
	publisher    = {McGraw-Hill},
	address      = {New York},
	year         = {1966},
	}
	
@book{vizmuller1,
	author       = {P. Vizmuller},
	title        = {Filters with Helical and Folded Helical Resonators},
	publisher    = {Artech House},
	address      = {Norwood, MA},
	year         = {1987},
	}
	
@book{fano1,
	author       = {R. Fano and L. J. Chu and R. B. Adler},
	title        = {Electromagnetic Fields, Energy and Forces},
	publisher    = {Wiley},
	address      = {New York},
	year         = {1960},
	}
	
@book{watkins1,
	author       = {D. Watkins},
	title        = {Topics in Electromagnetic Theory},
	publisher    = {Wiley},
	address      = {New York},
	year         = {1958},
	}
	
@article{sichak1,
	author       = {W. Sichak},
	title        = {Coaxial Line with Helical Inner Conductor},
	journal      = {Proceedings of the IRE},
	year         = {1954},
	volume       = {},
	number       = {},
	note         = {Corrections, February 1955, p. 148},
	}
	
@article{bryant1,
	author = {J. H. Bryant},
	title = {{Some Wave Properties of Helical Conductors}},
	journal = {Electrical Communication},
	volume = {31},
	number = {1},
	year = {1954},
	}

@article{poritsky1,
	author = {H. Poritsky and P. A. Abetti and R. P. Jerrard},
	title = {{Field Theory of Wave Propagation Along Coils}},
	journal = {Power Apparatus and Systems, Part III, Transactions of the AIEE},
	volume = {72},
	number = {2},
	year = {1953},
	month = {Oct.},
	pages = {930--939},
	}
	
@article{rudenberg1,
author = {R. Rudenberg},
title = {{Electromagnetic Waves in Transformer Coils Treated by Maxwellâ€™s Equations}},
journal = {Journal of Applied Physics},
volume = {12},
year = {1941}
}

@article{kogan1,
	author = {K. H. Kogan},
	title = {},
	journal = {Soviet Physics Doklady},
	volume = {66},
	year = {1949},
	pages = {867--870},
	}
	
@article{bondar1,
	author = {V. M. Bondar},
	title = {{Propagation of an Electromagnetic Wave along a Filamentary Helix}},
	journal = {Radiotekhnika},
	number = {1 I},
	year = {1985},
	pages = {82--84},
	}
	
@article{stark1,
	author = {L. Stark},
	title = {{Lower Modes of a Concentric Line Having a Helical Inner Conductor}},
	journal = {Journal of Applied Physics},
	volume = {25},
	number = {9},
	year = {1954},
	pages = {1155--1162},
	}
	
@article{sensiper1,
	author = {S. Sensiper},
	title = {{Electromagnetic Wave Propagation on Helical Structures}},
	journal = {Proceedings of the IRE},
	year = {1955},
	month = {Feb.},
	pages = {149--161},
	}

@techreport{sensiper_thesis,
	author       = {Samuel Sensiper},
	title        = {Electromagnetic Wave Propagation on Helical Conductors},
	institution  = {Research Laboratory of Electronics, Massachusetts Institute of Technology},
	type         = {Technical Report},
	number       = {No. 194},
	address      = {Cambridge, MA},
	year         = {1951},
	month        = {May},
	note         = {Based on the author's doctoral thesis in the Department of Electrical Engineering, MIT, 1951}
}



